<?xml version="1.0" encoding="UTF-8"?><record xmlns="http://www.loc.gov/MARC21/slim" xmlns:cinclude="http://apache.org/cocoon/include/1.0" xmlns:zs="http://www.loc.gov/zing/srw/">
  <leader>00554cz  a2200169n  4500</leader>
  <controlfield tag="001">no2007053026</controlfield>
  <controlfield tag="003">DLC</controlfield>
  <controlfield tag="005">20130323095708.0</controlfield>
  <controlfield tag="008">070514n| azannaabn          |a aaa     c</controlfield>
  <datafield tag="010" ind1=" " ind2=" ">
    <subfield code="a">no2007053026</subfield>
  </datafield>
  <datafield tag="035" ind1=" " ind2=" ">
    <subfield code="a">(OCoLC)oca07409179</subfield>
  </datafield>
  <datafield tag="040" ind1=" " ind2=" ">
    <subfield code="a">SaPrUSA</subfield>
    <subfield code="b">eng</subfield>
    <subfield code="e">rda</subfield>
    <subfield code="c">SaPrUSA</subfield>
    <subfield code="d">DLC</subfield>
  </datafield>
  <datafield tag="046" ind1=" " ind2=" ">
    <subfield code="f">1884</subfield>
  </datafield>
  <datafield tag="100" ind1="1" ind2=" ">
    <subfield code="a">Meaker, Reinhold,</subfield>
    <subfield code="d">1884-</subfield>
  </datafield>
  <datafield tag="400" ind1="1" ind2=" ">
    <subfield code="w">nnea</subfield>
    <subfield code="a">Meaker, Reinhold,</subfield>
    <subfield code="d">b. 1884</subfield>
  </datafield>
  <datafield tag="670" ind1=" " ind2=" ">
    <subfield code="a">Cape Coloured Liquor Commission of Enquiry, 1944:</subfield>
    <subfield code="b">t.p. (Reinhold Meaker)</subfield>
  </datafield>
  <datafield tag="670" ind1=" " ind2=" ">
    <subfield code="a">OCLC, May 14, 2007</subfield>
    <subfield code="b">(hdg.: Meaker, Reinhold, 1884-; usage: Reinhold Meaker)</subfield>
  </datafield>
</record>